@FOOTNOTE{Note1,key="Note1",note="This work is still not published"}
@CONTROL{REVTEX41Control}
@CONTROL{apsrev41Control,author="08",editor="1",pages="0",title="",year="1"}
