@FOOTNOTE{Note1,key="Note1",note="Nagai J.; Ishii N.: Parts II - IV.. J.Soc.Chem.Ind.Jap. 38 (1935) 86-10 "}
@CONTROL{REVTEX41Control}
@CONTROL{apsrev41Control,author="08",editor="1",pages="0",title="",year="1"}
