@FOOTNOTE{Note1,key="Note1",note="The model is relatively sensitive to the value of $\Delta t$, which mainly determines the numerical unstability of the whole simulation, namely the fluctuation of the data itself."}
@FOOTNOTE{Note2,key="Note2",note="It is due to unintentional crack observed in the pipe first used, while limitation of time hinders completion of data."}
@CONTROL{REVTEX41Control}
@CONTROL{apsrev41Control,author="08",editor="1",pages="0",title="",year="1"}
