@FOOTNOTE{Note1,key="Note1",note="1 hartree = 27.2114 eV = 2565.5 kJ/mol."}
@CONTROL{REVTEX41Control}
@CONTROL{apsrev41Control,author="08",editor="1",pages="0",title="",year="1"}
