@article{freedman1989heats,
  title={Heats of combustion of fatty esters and triglycerides},
  author={Freedman, B and Bagby, MO},
  journal={Journal of the American Oil Chemists' Society},
  volume={66},
  number={11},
  pages={1601--1605},
  year={1989},
  publisher={Wiley Online Library}
}

@article{franck1990jd,
  title={JD Cox, DD Wagman, VA Medvedev: CODATAâ€”Key Values for Thermodynamics, aus der Reihe: CODATA, Series on Thermodynamic Properties. Hemisphere Publishing Corporation, New York, Washington, Philadelphia, London 1989. 271 Seiten, Preis:{\pounds} 28.00},
  author={Franck, EU},
  journal={Berichte der Bunsengesellschaft f{\"u}r physikalische Chemie},
  volume={94},
  number={1},
  pages={93--93},
  year={1990},
  publisher={Wiley Online Library}
}